@article{mehta,
  title={A high-bias, low-variance introduction to machine learning for physicists},
  author={Mehta, Pankaj and Bukov, Marin and Wang, Ching-Hao and Day, Alexandre GR and Richardson, Clint and Fisher, Charles K and Schwab, David J},
  journal={arXiv preprint arXiv:1803.08823},
  year={2018}
}
